%% LaTeX2e file `ref.bib'
%% generated by the `filecontents' environment
%% from source `lec20' on 2014/11/19.
%%
@INPROCEEDINGS{GGHRSW2013,
  author = {Garg, S. and Gentry, C. and Halevi, S. and Raykova, M. and Sahai, A. and Waters, B.},
  booktitle = {Foundations of Computer Science (FOCS), 2013 IEEE 54th Annual Symposium on},
  title = {Candidate Indistinguishability Obfuscation and Functional Encryption for all Circuits},
  year = 2013,
  month = oct,
  pages = {40-49},
  doi = {10.1109/FOCS.2013.13},
}
