@ARTICLE{AIarxiv,
   author = {{Achlioptas}, D. and {Iliopoulos}, F.},
    title = "{The Lov\'{a}sz Local Lemma as a Random Walk}",
  journal = {ArXiv e-prints},
archivePrefix = "arXiv",
   eprint = {1406.0242},
 primaryClass = "math.CO",
 keywords = {Mathematics - Combinatorics, Computer Science - Discrete Mathematics, Mathematics - Probability},
     year = 2014,
    month = jun,
   adsurl = {http://adsabs.harvard.edu/abs/2014arXiv1406.0242A},
  adsnote = {Provided by the SAO/NASA Astrophysics Data System}
}


@inproceedings{Sanjam,
  author    = {Sanjam Garg and
               Craig Gentry and
               Amit Sahai and
               Brent Waters},
  title     = {Witness encryption and its applications},
  booktitle = {Symposium on Theory of Computing Conference, STOC'13, Palo Alto, CA,
               USA, June 1-4, 2013},
  year      = {2013},
  pages     = {467--476},
  crossref  = {DBLP:conf/stoc/2013},
  url       = {http://doi.acm.org/10.1145/2488608.2488667},
  doi       = {10.1145/2488608.2488667},
  timestamp = {Tue, 11 Nov 2014 03:44:27 +0100},
  biburl    = {http://dblp.uni-trier.de/rec/bib/conf/stoc/GargGSW13},
  bibsource = {dblp computer science bibliography, http://dblp.org}
}


@article{cutoff_Diaconis,
author = {Diaconis, P}, 
title = {The cutoff phenomenon in finite Markov chains},
volume = {93}, 
number = {4}, 
pages = {1659-1664}, 
year = {1996}, 
journal = {Proceedings of the National Academy of Sciences} 
}

@article{Frieze,
  author    = {Andrzej Dudek and
               Alan M. Frieze and
               Andrzej Rucinski},
  title     = {Rainbow Hamilton Cycles in Uniform Hypergraphs},
  journal   = {Electr. J. Comb.},
  volume    = {19},
  number    = {1},
  year      = {2012},
  pages     = {P46},
  ee        = {http://www.combinatorics.org/ojs/index.php/eljc/article/view/v19i1p46},
  bibsource = {DBLP, http://dblp.uni-trier.de}
}

@article{kolmogo,
  author    = {Jochen Messner and
               Thomas Thierauf},
  title     = {A Kolmogorov complexity proof of the Lov{\'a}sz Local
               Lemma for satisfiability},
  journal   = {Theor. Comput. Sci.},
  volume    = {461},
  year      = {2012},
  pages     = {55-64},
  ee        = {http://dx.doi.org/10.1016/j.tcs.2012.06.005},
  bibsource = {DBLP, http://dblp.uni-trier.de}
}


@article{Spencer77,
title = "Asymptotic lower bounds for Ramsey functions ",
journal = "Discrete Mathematics ",
volume = "20",
number = "0",
pages = "69 - 76",
year = "1977",
note = "",
issn = "0012-365X",
doi = "http://dx.doi.org/10.1016/0012-365X(77)90044-9",
url = "http://www.sciencedirect.com/science/article/pii/0012365X77900449",
author = "Joel Spencer"
}




@inproceedings{Haeupler,
  author    = {Karthekeyan Chandrasekaran and
               Navin Goyal and
               Bernhard Haeupler},
  title     = {Deterministic Algorithms for the {L}ov{\'a}sz Local Lemma},
  booktitle = {SODA},
  year      = {2010},
  pages     = {992-1004},
  ee        = {http://dx.doi.org/10.1137/1.9781611973075.80},
  crossref  = {DBLP:conf/soda/2010},
  bibsource = {DBLP, http://dblp.uni-trier.de}
}
@proceedings{DBLP:conf/soda/2010,
  title     = {Proceedings of the Twenty-First Annual ACM-SIAM Symposium
               on Discrete Algorithms, SODA 2010, Austin, Texas, USA, January
               17-19, 2010},
  booktitle = {SODA},
  publisher = {SIAM},
  year      = {2010},
  isbn      = {978-0-89871-701-3, 978-1-61197-307-5},
  ee        = {http://dx.doi.org/10.1137/1.9781611973075, http://dl.acm.org/citation.cfm?id=1873601},
  bibsource = {DBLP, http://dblp.uni-trier.de}
}

@inproceedings{papafocus,
  author    = {Christos H. Papadimitriou},
  title     = {On Selecting a Satisfying Truth Assignment},
  booktitle = {FOCS},
  year      = {1991},
  pages     = {163-169},
  ee        = {http://doi.ieeecomputersociety.org/10.1109/SFCS.1991.185365},
  crossref  = {DBLP:conf/focs/FOCS32},
  bibsource = {DBLP, http://dblp.uni-trier.de}
}

@article{alon_lll,
  author    = {Noga Alon},
  title     = {A Parallel Algorithmic Version of the Local Lemma},
  journal   = {Random Struct. Algorithms},
  volume    = {2},
  number    = {4},
  year      = {1991},
  pages     = {367-378},
  ee        = {http://dx.doi.org/10.1002/rsa.3240020403},
  bibsource = {DBLP, http://dblp.uni-trier.de}
}

@proceedings{DBLP:conf/focs/FOCS32,
  title     = {32nd Annual Symposium on Foundations of Computer Science,
               San Juan, Puerto Rico, 1-4 October 1991},
  booktitle = {FOCS},
  publisher = {IEEE Computer Society},
  year      = {1991},
  bibsource = {DBLP, http://dblp.uni-trier.de}
}

@incollection{lu2013quest,
  title={Quest for negative dependency graphs},
  author={Lu, Linyuan and Mohr, Austin and Sz{\'e}kely, L{\'a}szl{\'o}},
  booktitle={Recent Advances in Harmonic Analysis and Applications},
  pages={243--258},
  year={2013},
  publisher={Springer}
}


@phdthesis{mohr2013applications,
  title={Applications of the Lopsided {L}ov{\'a}sz Local Lemma Regarding Hypergraphs},
  author={Mohr, Austin},
  year={2013},
  school={University of South Carolina}
}



@article{kolmo,
  author    = {Jochen Messner and
               Thomas Thierauf},
  title     = {A {K}olmogorov complexity proof of the Lov{\'a}sz Local
               Lemma for satisfiability},
  journal   = {Theor. Comput. Sci.},
  volume    = {461},
  year      = {2012},
  pages     = {55-64},
  ee        = {http://dx.doi.org/10.1016/j.tcs.2012.06.005},
  bibsource = {DBLP, http://dblp.uni-trier.de}
}

@incollection {mike_stoc,
    AUTHOR = {Molloy, Michael and Reed, Bruce},
     TITLE = {Further algorithmic aspects of the local lemma},
 BOOKTITLE = {S{TOC} '98 ({D}allas, {TX})},
     PAGES = {524--529},
 PUBLISHER = {ACM},
   ADDRESS = {New York},
      YEAR = {1999},
   MRCLASS = {05C85},
  MRNUMBER = {1715600},
}

@misc{spencer,
    AUTHOR = {Spencer, Joel},
     TITLE = {NEEDLES IN EXPONENTIAL HAYSTACKS II},
url = {http://www.math.cornell.edu/~cpss/2012/cornell12lec2.pdf}
}


@article{bissacot2011improvement,
  title={An improvement of the {L}ov{\'a}sz Local Lemma via cluster expansion},
  author={Bissacot, Rodrigo and Fern{\'a}ndez, Roberto and Procacci, Aldo and Scoppola, Benedetto},
  journal={Combinatorics, Probability \& Computing},
  volume={20},
  number={5},
  pages={709--719},
  year={2011},
  publisher={Cambridge Univ Press}
}



@article{PegdenLLLL,
  author    = {Wesley Pegden},
  title     = {Highly nonrepetitive sequences: Winning strategies from
               the local lemma},
  journal   = {Random Struct. Algorithms},
  volume    = {38},
  number    = {1-2},
  year      = {2011},
  pages     = {140-161},
  ee        = {http://dx.doi.org/10.1002/rsa.20354},
  bibsource = {DBLP, http://dblp.uni-trier.de}
}


@article{Hamilton1,
  author    = {Andrzej Dudek and
               Alan M. Frieze and
               Andrzej Rucinski},
  title     = {Rainbow Hamilton Cycles in Uniform Hypergraphs},
  journal   = {Electr. J. Comb.},
  volume    = {19},
  number    = {1},
  year      = {2012},
  pages     = {P46},
  ee        = {http://www.combinatorics.org/ojs/index.php/eljc/article/view/v19i1p46},
  bibsource = {DBLP, http://dblp.uni-trier.de}
}


@article{LopsTrav,
  author    = {Paul Erd{\"o}s and
               Joel Spencer},
  title     = {Lopsided {L}ov{\'a}sz Local Lemma and Latin transversals},
  journal   = {Discrete Applied Mathematics},
  volume    = {30},
  number    = {2-3},
  year      = {1991},
  pages     = {151-154},
  ee        = {http://dx.doi.org/10.1016/0166-218X(91)90040-4},
  bibsource = {DBLP, http://dblp.uni-trier.de}
}


@article{Hamilton2,
author	=	{Dudek, Andrzej and 
			Ferrara, Michael},
title		= {Extensions of Results on Rainbow Hamilton Cycles in Uniform Hypergraphs},
journal	= {Graphs and Combinatorics},
year		= {2013},
pages	= {1-7},
}


@article{matchings,
  title={Rainbow Perfect Matchings in Complete Bipartite Graphs: Existence and Counting},
  author={Perarnau, Guillem and Serra, Oriol},
  journal={Combinatorics, Probability and Computing},
  volume={22},
  number={05},
  pages={783--799},
  year={2013},
  publisher={Cambridge Univ Press}
}



@inproceedings{mario_survey,
  author    = {Mario Szegedy},
  title     = {The {L}ov{\'a}sz Local Lemma - A Survey},
  booktitle = {CSR},
  year      = {2013},
  pages     = {1-11},
  ee        = {http://dx.doi.org/10.1007/978-3-642-38536-0_1},
  crossref  = {DBLP:conf/csr/2013},
  bibsource = {DBLP, http://dblp.uni-trier.de}
}
@proceedings{DBLP:conf/csr/2013,
  editor    = {Andrei A. Bulatov and
               Arseny M. Shur},
  title     = {Computer Science - Theory and Applications - 8th International
               Computer Science Symposium in Russia, CSR 2013, Ekaterinburg,
               Russia, June 25-29, 2013. Proceedings},
  booktitle = {CSR},
  publisher = {Springer},
  series    = {Lecture Notes in Computer Science},
  volume    = {7913},
  year      = {2013},
  isbn      = {978-3-642-38535-3},
  ee        = {http://dx.doi.org/10.1007/978-3-642-38536-0},
  bibsource = {DBLP, http://dblp.uni-trier.de}
}

@inproceedings{haeupler_lll,
  author    = {Bernhard Haeupler and
               Barna Saha and
               Aravind Srinivasan},
  title     = {New Constructive Aspects of the {L}ov\'{a}sz Local Lemma},
  booktitle = {FOCS},
  year      = {2010},
  pages     = {397-406},
  ee        = {http://doi.ieeecomputersociety.org/10.1109/FOCS.2010.45},
  crossref  = {DBLP:conf/focs/2010},
  bibsource = {DBLP, http://dblp.uni-trier.de}
}
@proceedings{DBLP:conf/focs/2010,
  title     = {51th Annual IEEE Symposium on Foundations of Computer Science,
               FOCS 2010, October 23-26, 2010, Las Vegas, Nevada, USA},
  booktitle = {FOCS},
 year      = {2010},
  isbn      = {978-0-7695-4244-7},
  bibsource = {DBLP, http://dblp.uni-trier.de}
}


@inproceedings{szege_meet,
  author    = {Kashyap Babu Rao Kolipaka and
               Mario Szegedy},
  title     = {Moser and {T}ardos meet {L}ov{\'a}sz},
  booktitle = {STOC},
  year      = {2011},
  pages     = {235-244},
  ee        = {http://doi.acm.org/10.1145/1993636.1993669},
  crossref  = {DBLP:conf/stoc/2011},
  bibsource = {DBLP, http://dblp.uni-trier.de}
}
@proceedings{DBLP:conf/stoc/2011,
  title     = {Proceedings of the 43rd ACM Symposium on Theory of Computing,
               STOC 2011, San Jose, CA, USA, 6-8 June 2011},
  booktitle = {STOC},
  publisher = {ACM},
  year      = {2011},
  isbn      = {978-1-4503-0691-1},
  bibsource = {DBLP, http://dblp.uni-trier.de}
}




@article{Highrepetitive,
  title={New approach to nonrepetitive sequences},
  author={Grytczuk, Jaros{\l}aw and Kozik, Jakub and Micek, Piotr},
  journal={Random Structures \& Algorithms},
  volume={42},
  number={2},
  pages={214--225},
  year={2013},
  publisher={Wiley Online Library}
}

@article{acyclic,
  title={Acyclic edge-coloring using entropy compression},
  author={Esperet, Louis and Parreau, Aline},
  journal={European Journal of Combinatorics},
  volume={34},
  number={6},
  pages={1019--1027},
  year={2013},
  publisher={Elsevier}
}

@article{dujmovic2011nonrepetitive,
  title={Nonrepetitive colouring via entropy compression},
  author={Dujmovi{\'c}, Vida and Joret, Gwena{\"e}l and Kozik, Jakub and Wood, David R},
  journal={arXiv preprint arXiv:1112.5524},
  year={2011}
}



@inproceedings{szege_sharp,
  author    = {Kashyap Babu Rao Kolipaka and
               Mario Szegedy and
               Yixin Xu},
  title     = {A Sharper Local Lemma with Improved Applications},
  booktitle = {APPROX-RANDOM},
  year      = {2012},
  pages     = {603-614},
  ee        = {http://dx.doi.org/10.1007/978-3-642-32512-0_51},
  crossref  = {DBLP:conf/approx/2012},
  bibsource = {DBLP, http://dblp.uni-trier.de}
}
@proceedings{DBLP:conf/approx/2012,
  editor    = {Anupam Gupta and
               Klaus Jansen and
               Jos{\'e} D. P. Rolim and
               Rocco A. Servedio},
  title     = {Approximation, Randomization, and Combinatorial Optimization.
               Algorithms and Techniques - 15th International Workshop,
               APPROX 2012, and 16th International Workshop, RANDOM 2012,
               Cambridge, MA, USA, August 15-17, 2012. Proceedings},
  booktitle = {APPROX-RANDOM},
  publisher = {Springer},
  series    = {Lecture Notes in Computer Science},
  volume    = {7408},
  year      = {2012},
  isbn      = {978-3-642-32511-3},
  ee        = {http://dx.doi.org/10.1007/978-3-642-32512-0},
  bibsource = {DBLP, http://dblp.uni-trier.de}
}


@incollection {LLL,
    AUTHOR = {Erd{\H{o}}s, Paul and Lov{\'a}sz, L\'{a}szl\'{o}},
     TITLE = {Problems and results on {$3$}-chromatic hypergraphs and some
              related questions},
 BOOKTITLE = {Infinite and finite sets ({C}olloq., {K}eszthely, 1973;
              dedicated to {P}. {E}rd{\H o}s on his 60th birthday), {V}ol.
              {II}},
     PAGES = {609--627. Colloq. Math. Soc. J\'anos Bolyai, Vol. 10},
 PUBLISHER = {North-Holland},
   ADDRESS = {Amsterdam},
      YEAR = {1975},
   MRCLASS = {05C15},
  MRNUMBER = {0382050 (52 \#2938)},
MRREVIEWER = {A. C.-F. Liu},
}

@inproceedings{partial_resampling,
  author    = {David G. Harris and
               Aravind Srinivasan},
  title     = {The {M}oser-{T}ardos Framework with Partial Resampling},
  booktitle = {FOCS},
  year      = {2013},
  pages     = {469-478},
  ee        = {http://doi.ieeecomputersociety.org/10.1109/FOCS.2013.57},
  crossref  = {DBLP:conf/focs/2013},
  bibsource = {DBLP, http://dblp.uni-trier.de}
}
@proceedings{DBLP:conf/focs/2013,
  title     = {54th Annual IEEE Symposium on Foundations of Computer Science,
               FOCS 2013, 26-29 October, 2013, Berkeley, CA, USA},
  booktitle = {FOCS},
  year      = {2013},
  ee        = {http://ieeexplore.ieee.org/xpl/mostRecentIssue.jsp?punumber=6685222},
  bibsource = {DBLP, http://dblp.uni-trier.de}
}




@inproceedings{sri_packet,
  author    = {David G. Harris and
               Aravind Srinivasan},
  title     = {Constraint satisfaction, packet routing, and the {L}ov\'{a}sz
               local lemma},
  booktitle = {STOC},
  year      = {2013},
  pages     = {685-694},
  ee        = {http://doi.acm.org/10.1145/2488608.2488696},
  crossref  = {DBLP:conf/stoc/2013},
  bibsource = {DBLP, http://dblp.uni-trier.de}
}
@proceedings{DBLP:conf/stoc/2013,
  editor    = {Dan Boneh and
               Tim Roughgarden and
               Joan Feigenbaum},
  title     = {Symposium on Theory of Computing Conference, STOC'13, Palo
               Alto, CA, USA, June 1-4, 2013},
  booktitle = {STOC},
  publisher = {ACM},
  year      = {2013},
  isbn      = {978-1-4503-2029-0},
  ee        = {http://dl.acm.org/citation.cfm?id=2488608},
  bibsource = {DBLP, http://dblp.uni-trier.de}
}



@article {Haeupler_jacm,
    AUTHOR = {Haeupler, Bernhard and Saha, Barna and Srinivasan, Aravind},
     TITLE = {New constructive aspects of the {L}ov\'{a}sz local lemma},
   JOURNAL = {J. ACM},
  FJOURNAL = {Journal of the ACM},
    VOLUME = {58},
      YEAR = {2011},
    NUMBER = {6},
     PAGES = {Art. 28, 28},
      ISSN = {0004-5411},
   MRCLASS = {68Q87 (05D40 68R05 68W10 68W20 68W25 68W40)},
  MRNUMBER = {2863399},
MRREVIEWER = {Jochen Messner},
       DOI = {10.1145/2049697.2049702},
       URL = {http://dx.doi.org/10.1145/2049697.2049702},
}


@article {MT,
    AUTHOR = {Moser, Robin A. and Tardos, G{\'a}bor},
     TITLE = {A constructive proof of the general {L}ov\'asz local lemma},
   JOURNAL = {J. ACM},
  FJOURNAL = {Journal of the ACM},
    VOLUME = {57},
      YEAR = {2010},
    NUMBER = {2},
     PAGES = {Art. 11, 15},
      ISSN = {0004-5411},
   MRCLASS = {05D99 (68Q87 68W05)},
  MRNUMBER = {2606086 (2011j:05354)},
MRREVIEWER = {Wenan Zang},
       DOI = {10.1145/1667053.1667060},
       URL = {http://dx.doi.org/10.1145/1667053.1667060},
}




@proceedings{DBLP:conf/approx/2012,
  editor    = {Anupam Gupta and
               Klaus Jansen and
               Jos{\'e} D. P. Rolim and
               Rocco A. Servedio},
  title     = {Approximation, Randomization, and Combinatorial Optimization.
               Algorithms and Techniques - 15th International Workshop,
               APPROX 2012, and 16th International Workshop, RANDOM 2012,
               Cambridge, MA, USA, August 15-17, 2012. Proceedings},
  booktitle = {APPROX-RANDOM},
  publisher = {Springer},
  series    = {Lecture Notes in Computer Science},
  volume    = {7408},
  year      = {2012},
  isbn      = {978-3-642-32511-3},
  ee        = {http://dx.doi.org/10.1007/978-3-642-32512-0},
  bibsource = {DBLP, http://dblp.uni-trier.de}
}



@book{GKP,
 author = {Graham, Ronald L. and Knuth, Donald E. and Patashnik, Oren},
 title = {Concrete Mathematics: A Foundation for Computer Science},
 year = {1994},
 isbn = {0201558025},
 edition = {2nd},
 publisher = {Addison-Wesley Longman Publishing Co., Inc.},
 address = {Boston, MA, USA},
} 



@book{mike_book,
    AUTHOR = {Molloy, Michael and Reed, Bruce},
     TITLE = {Graph colouring and the probabilistic method},
    SERIES = {Algorithms and Combinatorics},
    VOLUME = {23},
 PUBLISHER = {Springer-Verlag},
   ADDRESS = {Berlin},
      YEAR = {2002},
     PAGES = {xiv+326},
      ISBN = {3-540-42139-4},
   MRCLASS = {05-02 (05C15 05C80 60-02 60C05)},
  MRNUMBER = {1869439 (2003c:05001)},
MRREVIEWER = {P. Mark Kayll},
}

@inproceedings{balint,
  author    = {Adrian Balint and
               Uwe Sch{\"o}ning},
  title     = {Choosing Probability Distributions for Stochastic Local
               Search and the Role of Make versus Break},
  booktitle = {SAT},
  year      = {2012},
  pages     = {16-29},
  ee        = {http://dx.doi.org/10.1007/978-3-642-31612-8_3},
  crossref  = {DBLP:conf/sat/2012},
  bibsource = {DBLP, http://dblp.uni-trier.de}
}
@proceedings{DBLP:conf/sat/2012,
  editor    = {Alessandro Cimatti and
               Roberto Sebastiani},
  title     = {Theory and Applications of Satisfiability Testing - SAT
               2012 - 15th International Conference, Trento, Italy, June
               17-20, 2012. Proceedings},
  booktitle = {SAT},
  publisher = {Springer},
  series    = {Lecture Notes in Computer Science},
  volume    = {7317},
  year      = {2012},
  isbn      = {978-3-642-31611-1},
  ee        = {http://dx.doi.org/10.1007/978-3-642-31612-8},
  bibsource = {DBLP, http://dblp.uni-trier.de}
}

@incollection {moser,
    AUTHOR = {Moser, Robin A.},
     TITLE = {A constructive proof of the {L}ov\'asz local lemma},
 BOOKTITLE = {S{TOC}'09---{P}roceedings of the 2009 {ACM} {I}nternational
              {S}ymposium on {T}heory of {C}omputing},
     PAGES = {343--350},
 PUBLISHER = {ACM},
   ADDRESS = {New York},
      YEAR = {2009},
   MRCLASS = {05C85 (05C15 05C65)},
  MRNUMBER = {2780080 (2012i:05310)},
}

@inproceedings {Czumaj_lll,
    AUTHOR = {Czumaj, Artur and Scheideler, Christian},
     TITLE = {Coloring non-uniform hypergraphs: a new algorithmic approach
              to the general {L}ov\'asz local lemma},
 BOOKTITLE = {Proceedings of the {E}leventh {A}nnual {ACM}-{SIAM}
              {S}ymposium on {D}iscrete {A}lgorithms ({S}an {F}rancisco,
              {CA}, 2000)},
     PAGES = {30--39},
      YEAR = {2000},
   MRCLASS = {68R10 (05C15 05C65 05C85 68W20)},
  MRNUMBER = {1754838},
}

@article {beck_lll,
    AUTHOR = {Beck, J{\'o}zsef},
     TITLE = {An algorithmic approach to the {L}ov\'asz local lemma. {I}},
   JOURNAL = {Random Structures Algorithms},
  FJOURNAL = {Random Structures \& Algorithms},
    VOLUME = {2},
      YEAR = {1991},
    NUMBER = {4},
     PAGES = {343--365},
      ISSN = {1042-9832},
   MRCLASS = {05D99 (05C85 68Q25 68R05)},
  MRNUMBER = {1125954 (92i:05219)},
MRREVIEWER = {Colin J. H. McDiarmid},
       DOI = {10.1002/rsa.3240020402},
       URL = {http://dx.doi.org/10.1002/rsa.3240020402},
}

@inproceedings{2ke,
  author    = {Heidi Gebauer and
               Tibor Szab{\'o} and
               G{\'a}bor Tardos},
  title     = {The Local Lemma is Tight for {SAT}},
  booktitle = {SODA},
  year      = {2011},
  pages     = {664-674},
  ee        = {http://www.siam.org/proceedings/soda/2011/SODA11_052_gebauerh.pdf},
  crossref  = {DBLP:conf/soda/2011},
  bibsource = {DBLP, http://dblp.uni-trier.de}
}
@proceedings{DBLP:conf/soda/2011,
  editor    = {Dana Randall},
  title     = {Proceedings of the Twenty-Second Annual ACM-SIAM Symposium
               on Discrete Algorithms, SODA 2011, San Francisco, California,
               USA, January 23-25, 2011},
  booktitle = {SODA},
  publisher = {SIAM},
  year      = {2011},
  bibsource = {DBLP, http://dblp.uni-trier.de}
}



@inproceedings{SrinivasanPerm,
  author    = {David G. Harris and
               Aravind Srinivasan},
  title     = {A constructive algorithm for the {L}ov{\'a}sz Local Lemma
               on permutations},
  booktitle = {SODA},
  year      = {2014},
  pages     = {907-925},
  ee        = {http://dx.doi.org/10.1137/1.9781611973402.68},
  crossref  = {DBLP:conf/soda/2014},
  bibsource = {DBLP, http://dblp.uni-trier.de}
}

@proceedings{DBLP:conf/soda/2014,
  title     = {Proceedings of the Twenty-Fifth Annual ACM-SIAM Symposium
               on Discrete Algorithms, SODA 2014, Portland, Oregon, USA,
               January 5-7, 2014},
  booktitle = {SODA},
  publisher = {SIAM},
  year      = {2014},
  isbn      = {978-1-61197-338-9, 978-1-61197-340-2},
  ee        = {http://dx.doi.org/10.1137/1.9781611973402},
  bibsource = {DBLP, http://dblp.uni-trier.de}
}

@inproceedings{aravind_08,
  author    = {Aravind Srinivasan},
  title     = {Improved algorithmic versions of the {L}ov\'asz Local Lemma},
  booktitle = {SODA},
  year      = {2008},
  pages     = {611--620},
  crossref  = {DBLP:conf/soda/2008},
  url       = {http://dl.acm.org/citation.cfm?id=1347082.1347150},
  timestamp = {Sat, 11 Oct 2014 13:57:59 +0200},
  biburl    = {http://dblp.uni-trier.de/rec/bib/conf/soda/Srinivasan08},
  bibsource = {dblp computer science bibliography, http://dblp.org}
}





@proceedings{DBLP:conf/soda/2008,
  editor    = {Shang{-}Hua Teng},
  title     = {Proceedings of the Nineteenth Annual {ACM-SIAM} Symposium on Discrete
               Algorithms, {SODA} 2008, San Francisco, California, USA, January 20-22,
               2008},
  year      = {2008},
  publisher = {{SIAM}},
  url       = {http://dl.acm.org/citation.cfm?id=1347082},
  timestamp = {Sat, 11 Oct 2014 13:57:59 +0200},
  biburl    = {http://dblp.uni-trier.de/rec/bib/conf/soda/2008},
  bibsource = {dblp computer science bibliography, http://dblp.org}
}



@article{DBLP:journals/cpc/BissacotFPS11,
  author    = {Rodrigo Bissacot and
               Roberto Fern{\'a}ndez and
               Aldo Procacci and
               Benedetto Scoppola},
  title     = {An Improvement of the {L}ov{\'a}sz Local Lemma via Cluster
               Expansion},
  journal   = {Combinatorics, Probability {\&} Computing},
  volume    = {20},
  number    = {5},
  year      = {2011},
  pages     = {709-719},
  ee        = {http://dx.doi.org/10.1017/S0963548311000253},
  bibsource = {DBLP, http://dblp.uni-trier.de}
}



@article{blind,
  title={Can colour-blind distinguish colour palettes?},
  author={Kalinowski, Rafa{\l} and Pil{\'s}niak, Monika and Przyby{\l}o, Jakub and Wo{\'z}niak, Mariusz},
  journal={the electronic journal of combinatorics},
  volume={20},
  number={3},
  pages={P23},
  year={2013}
}

@article{PegdenIndepen,
  author    = {Wesley Pegden},
  title     = {An improvement of the Moser-Tardos algorithmic local lemma},
  journal   = {CoRR},
  volume    = {abs/1102.2853},
  year      = {2011},
  ee        = {http://arxiv.org/abs/1102.2853},
  bibsource = {DBLP, http://dblp.uni-trier.de}
}


@article{AddarioBerry,
title = "Vertex colouring edge partitions ",
journal = "Journal of Combinatorial Theory, Series B ",
volume = "94",
number = "2",
pages = "237 - 244",
year = "2005",
note = "",
issn = "0095-8956",
doi = "http://dx.doi.org/10.1016/j.jctb.2005.01.001",
url = "http://www.sciencedirect.com/science/article/pii/S009589560500016X",
author = "L. Addario-Berry and R.E.L. Aldred and K. Dalal and B.A. Reed",
keywords = "Edge weights",
keywords = "Vertex colours",
keywords = "Degree-constrained subgraphs "
}


